@PREAMBLE{
 "\providecommand{\noopsort}[1]{}" 
 # "\providecommand{\singleletter}[1]{#1}%" 
}

@BOOK{goodfellow2016,
	title={Deep Learning},
	author={Ian Goodfellow and Yoshua Bengio and Aaron Courville},
	publisher={MIT Press},
	year={2016}
}

@BOOK{bishop1995,
	title={Neural networks for pattern recognition},
	author={Bishop, Chris and Bishop, Christopher M and others},
	year={1995},
	publisher={Oxford university press}
}

@ARTICLE{park2018,
	title={Brain and eyes of Kerygmachela reveal protocerebral ancestry of the panarthropod head},
	author={Park, Tae-Yoon S and Kihm, Ji-Hoon and Woo, Jusun and Park, Changkun and Lee, Won Young and Smith, M Paul and Harper, David AT and Young, Fletcher and Nielsen, Arne T and Vinther, Jakob},
	journal={Nature communications},
	volume={9},
	number={1},
	pages={1019},
	year={2018},
	publisher={Nature Publishing Group}
}

@ARTICLE{shannon1948,
	author={C. E. Shannon},
	journal={The Bell System Technical Journal},
	title={A mathematical theory of communication},
	year={1948},
	volume={27},
	number={3},
	pages={379-423},
	keywords={},
	doi={10.1002/j.1538-7305.1948.tb01338.x},
	ISSN={0005-8580},
	month={July}
}

@BOOK{cover2012,
	title={Elements of information theory},
	author={Cover, Thomas M and Thomas, Joy A},
	year={2012},
	publisher={John Wiley \& Sons}
}

@ARTICLE{mead1990,
	title={Neuromorphic electronic systems},
	author={Mead, Carver},
	journal={Proceedings of the IEEE},
	volume={78},
	number={10},
	pages={1629--1636},
	year={1990},
	month={October},
	publisher={IEEE}
}

@ARTICLE{douglas1995,
	title={Neuromorphic analogue {VLSI}},
	author={Douglas, Rodney and Mahowald, Misha and Mead, Carver},
	journal={Annual review of neuroscience},
	volume={18},
	number={1},
	pages={255--281},
	year={1995},
	publisher={Annual Reviews 4139 El Camino Way, PO Box 10139, Palo Alto, CA 94303-0139, USA}
}

@ARTICLE{beggs2003,
	title={Neuronal avalanches in neocortical circuits},
	author={Beggs, John M and Plenz, Dietmar},
	journal={Journal of neuroscience},
	volume={23},
	number={35},
	pages={11167--11177},
	year={2003},
	publisher={Soc Neuroscience}
}

@ARTICLE{legenstein2007,
	title={Edge of chaos and prediction of computational performance for neural circuit models},
	author={Legenstein, Robert and Maass, Wolfgang},
	journal={Neural Networks},
	volume={20},
	number={3},
	pages={323--334},
	year={2007},
	publisher={Elsevier}
}
@BOOK{harris2002,
    title={The theory of branching processes},
    author={Harris, Theodore E},
    year={2002},
    publisher={Courier Corporation}
}

@ARTICLE{kinouchi2006,
	title={Optimal dynamical range of excitable networks at criticality},
	author={Kinouchi, Osame and Copelli, Mauro},
	journal={Nature physics},
	volume={2},
	number={5},
	pages={348--351},
	year={2006},
	publisher={Nature Publishing Group}
}

@ARTICLE{shew2013,
	title={The functional benefits of criticality in the cortex},
	author={Shew, Woodrow L and Plenz, Dietmar},
	journal={The neuroscientist},
	volume={19},
	number={1},
	pages={88--100},
	year={2013},
	publisher={SAGE Publications Sage CA: Los Angeles, CA}
}

@ARTICLE{levina2007,
	title={Dynamical synapses causing self-organized criticality in neural networks},
	author={Levina, Anna and Herrmann, J Michael and Geisel, Theo},
	journal={Nature physics},
	volume={3},
	number={12},
	pages={857--860},
	year={2007},
	publisher={Nature Publishing Group}
}

@ARTICLE{meisel2009,
	title={Adaptive self-organization in a realistic neural network model},
	author={Meisel, Christian and Gross, Thilo},
	journal={Physical Review E},
	volume={80},
	number={6},
	pages={061917},
	year={2009},
	publisher={APS}
}

@ARTICLE{stepp2015,
	title={Synaptic plasticity enables adaptive self-tuning critical networks},
	author={Stepp, Nigel and Plenz, Dietmar and Srinivasa, Narayan},
	journal={PLoS computational biology},
	volume={11},
	number={1},
	pages={e1004043},
	year={2015},
	publisher={Public Library of Science}
}

@ARTICLE{andrade2015,
	title={Can dynamical synapses produce true self-organized criticality?},
	author={de Andrade Costa, Ariadne and Copelli, Mauro and Kinouchi, Osame},
	journal={Journal of Statistical Mechanics: Theory and Experiment},
	volume={2015},
	number={6},
	pages={P06004},
	year={2015},
	publisher={IOP Publishing}
}

@ARTICLE{delpapa2017,
	title={Criticality meets learning: Criticality signatures in a self-organizing recurrent neural network},
	author={Del Papa, Bruno and Priesemann, Viola and Triesch, Jochen},
	journal={PloS one},
	volume={12},
	number={5},
	pages={e0178683},
	year={2017},
	publisher={Public Library of Science}
}

@ARTICLE{tetzlaff2010,
	title={Self-organized criticality in developing neuronal networks},
	author={Tetzlaff, Christian and Okujeni, Samora and Egert, Ulrich and W{\"o}rg{\"o}tter, Florentin and Butz, Markus},
	journal={PLoS computational biology},
	volume={6},
	number={12},
	pages={e1001013},
	year={2010},
	publisher={Public Library of Science}
}

@ARTICLE{poil2012,
	title={Critical-state dynamics of avalanches and oscillations jointly emerge from balanced excitation/inhibition in neuronal networks},
	author={Poil, Simon-Shlomo and Hardstone, Richard and Mansvelder, Huibert D and Linkenkaer-Hansen, Klaus},
	journal={Journal of Neuroscience},
	volume={32},
	number={29},
	pages={9817--9823},
	year={2012},
	publisher={Soc Neuroscience}
}

@ARTICLE{shew2011,
	title={Information capacity and transmission are maximized in balanced cortical networks with neuronal avalanches},
	author={Shew, Woodrow L and Yang, Hongdian and Yu, Shan and Roy, Rajarshi and Plenz, Dietmar},
	journal={Journal of neuroscience},
	volume={31},
	number={1},
	pages={55--63},
	year={2011},
	publisher={Soc Neuroscience}
}

@ARTICLE{bill2010,
	title={Compensating inhomogeneities of neuromorphic {VLSI} devices via short-term synaptic plasticity},
	author={Bill, Johannes and Schuch, Klaus and Br{\"u}derle, Daniel and Schemmel, Johannes and Maass, Wolfgang and Meier, Karlheinz},
	journal={Frontiers in computational neuroscience},
	volume={4},
	pages={129},
	year={2010},
	month={October},
	publisher={Frontiers}
}

@ARTICLE{friedmann2017,
	author={S. Friedmann and J. Schemmel and A. Gr{\"u}bl and A. Hartel and M. Hock and K. Meier},
	journal={IEEE Transactions on Biomedical Circuits and Systems},
	title={Demonstrating Hybrid Learning in a Flexible Neuromorphic Hardware System},
	year={2017}, 
	volume={11}, 
	number={1}, 
	pages={128-142}, 
	keywords={bioelectric phenomena;learning (artificial intelligence);medical signal processing;neurophysiology;STDP;analog continuous time neuron circuits;analog correlation sensor circuits;flexible neuromorphic hardware system;full-custom analog elements;hybrid learning;neuromorphic implementations;neuroscientific research;spike events;spike-timing dependent plasticity;synapses;Biological system modeling;Correlation;Hardware;Mathematical model;Neuromorphics;Neurons;Digital signal processing;learning;neuromorphic hardware;spike-time dependent plasticity;synapse circuit}, 
	doi={10.1109/TBCAS.2016.2579164}, 
	ISSN={1932-4545}, 
	month={Feb},}

@article{pfeil2013,
	author={Pfeil, Thomas  and  Gr{\"u}bl, Andreas  and  Jeltsch, Sebastian  and  M\"uller, Eric  and  M\"uller, Paul  and  Petrovici, Mihai A.  and  Schmuker, Michael  and  Br\"uderle, Daniel  and  Schemmel, Johannes  and  Meier, Karlheinz},
	title={Six networks on a universal neuromorphic computing substrate},
	journal={Frontiers in Neuroscience},
	volume={7},
	year={2013},
	pages={11}
}

@article{bruederle2011,
	author={Daniel Br\"uderle and Mihai A. Petrovici and Bernhard Vogginger and Matthias Ehrlich and Thomas Pfeil and Sebastian Millner and Andreas Gr{\"u}bl and Karsten Wendt and Eric M\"uller and Marc-Olivier Schwartz and et al.},
	title={A comprehensive workflow for general-purpose neural modeling with highly configurable neuromorphic hardware systems},
	journal={Biological Cybernetics},
	volume={104},
	year={2011},
	pages={263--296}
}

@INPROCEEDINGS{neftci2010,
	author={E. Neftci and G. Indiveri},
	booktitle={2010 Biomedical Circuits and Systems Conference (BioCAS)},
	title={A device mismatch compensation method for {VLSI} neural networks},
	year={2010},
	pages={262-265},
	keywords={VLSI;elemental semiconductors;neural nets;silicon;Si;VLSI neural networks;VLSI soft winner-take-all network;address-event representation;device mismatch compensation;layout sizes;neuromorphic VLSI implementations;silicon real-estate;spiking neural networks;Biological neural networks;Couplings;Neuromorphics;Neurons;Silicon},
	doi={10.1109/BIOCAS.2010.5709621},
	ISSN={2163-4025},
	month={Nov},
}

@article{neftci2011,
	author = {Neftci, Emre and Chicca, Elisabetta and Indiveri, Giacomo and Douglas, Rodney},
	title = {A Systematic Method for Configuring {VLSI} Networks of Spiking Neurons},
	journal = {Neural Computation},
	issue_date = {October 2011},
	volume = {23},
	number = {10},
	month = {October},
	year = {2011},
	issn = {0899-7667},
	pages = {2457--2497},
	numpages = {41},
	acmid = {2077714},
	publisher = {MIT Press},
	address = {Cambridge, MA, USA},
}

@ARTICLE{morrison2008,
	title={Phenomenological models of synaptic plasticity based on spike timing},
	author={Morrison, Abigail and Diesmann, Markus and Gerstner, Wulfram},
	journal={Biological cybernetics},
	volume={98},
	number={6},
	pages={459--478},
	year={2008},
	month={April},
	publisher={Springer}
}

@ARTICLE{wilting2018a,
    author={Wilting, Jens
    and Priesemann, Viola},
    title={Inferring collective dynamical states from widely unobserved systems},
    journal={Nature Communications},
    year={2018},
    volume={9},
    number={1},
    pages={2325},
    issn={2041-1723},
    doi={10.1038/s41467-018-04725-4},
}

@ARTICLE{loidolt_in_prep,
	title={Noise input enhances memory performance in learning recurrent networks},
	author={Loidolt, Matthias and Rudelt, Lucas and Priesemann, Viola},
	journal={in preparation},
	year={forthcoming}
}

@ARTICLE{wilting2018b,
	title={On the ground state of spiking network activity in mammalian cortex},
	author={Wilting, Jens and Priesemann, Viola},
	journal={arXiv preprint arXiv:1804.07864},
	year={2018}
}

@ARTICLE{dale1934,
	title={Pharmacology and Nerve Endings},
	author={Dale, HH},
	journal={British medical journal},
	volume={2},
	month={December},
	pages={1161--1163},
	year={1934}
}

@ARTICLE{clauset2009,
	title={Power-law distributions in empirical data},
	author={Clauset, Aaron and Shalizi, Cosma Rohilla and Newman, Mark EJ},
	journal={SIAM review},
	volume={51},
	number={4},
	pages={661--703},
	year={2009},
	publisher={SIAM}
}

@ARTICLE{wibral2015,
	title={Bits from brains for biologically inspired computing},
	author={Wibral, Michael and Lizier, Joseph T and Priesemann, Viola},
	journal={Frontiers in Robotics and AI},
	volume={2},
	pages={5},
	year={2015},
	publisher={Frontiers}
}

@ARTICLE{wibral2017,
	author = {Wibral, Michael and Finn, Conor and Wollstadt, Patricia and Lizier, Joseph T. and Priesemann, Viola},
	title = {Quantifying Information Modification in Developing Neural Networks via Partial Information Decomposition},
	journal = {Entropy},
	volume = {19},
	year = {2017},
	number = {9},
	ISSN = {1099-4300},
	DOI = {10.3390/e19090494}
}

@ARTICLE{wibral2017b,
	title={Partial information decomposition as a unified approach to the specification of neural goal functions},
	author={Wibral, Michael and Priesemann, Viola and Kay, Jim W and Lizier, Joseph T and Phillips, William A},
	journal={Brain and cognition},
	volume={112},
	pages={25--38},
	year={2017},
	publisher={Elsevier}
}

@ARTICLE{lizier2018,
	title={Information Decomposition of Target Effects from Multi-Source Interactions: Perspectives on Previous, Current and Future Work},
	author={Lizier, Joseph T and Bertschinger, Nils and Jost, J{\"u}rgen and Wibral, Michael},
	journal={Entropy},
	volume={20},
	number={4},
	pages={307},
	year={2018},
	publisher={MDPI AG}
}

@ARTICLE{priesemann2009,
	title={Subsampling effects in neuronal avalanche distributions recorded in vivo},
	author={Priesemann, Viola and Munk, Matthias HJ and Wibral, Michael},
	journal={BMC neuroscience},
	volume={10},
	number={1},
	pages={40},
	year={2009},
	publisher={BioMed Central}
}

@ARTICLE{priesemann2014,
	title={Spike avalanches in vivo suggest a driven, slightly subcritical brain state},
	author={Priesemann, Viola and Wibral, Michael and Valderrama, Mario and Pr{\"o}pper, Robert and Le Van Quyen, Michel and Geisel, Theo and Triesch, Jochen and Nikoli{\'c}, Danko and Munk, Matthias HJ},
	journal={Frontiers in systems neuroscience},
	volume={8},
	year={2014},
	publisher={Frontiers Media SA}
}

@ARTICLE{lizier2014,
    title={JIDT: An information-theoretic toolkit for studying the dynamics of complex systems},
    author={Lizier, Joseph T},
    journal={Frontiers in Robotics and AI},
    volume={1},
    pages={11},
    year={2014},
    publisher={Frontiers}
}

@ARTICLE{alstott2014,
	title={powerlaw: a Python package for analysis of heavy-tailed distributions},
	author={Alstott, Jeff and Bullmore, Ed and Plenz, Dietmar},
	journal={PloS one},
	volume={9},
	number={1},
	pages={e85777},
	year={2014},
	publisher={Public Library of Science}
}

@ARTICLE{mediano2017,
	title={Balanced Information Storage and Transfer in Modular Spiking Neural Networks},
	author={Mediano, Pedro AM and Shanahan, Murray},
	journal={arXiv preprint arXiv:1708.04392},
	year={2017}
}

@ARTICLE{makkeh2018,
    title={BROJA-2PID: A robust estimator for bivariate partial information decomposition},
    author={Makkeh, Abdullah and Theis, Dirk and Vicente, Raul},
    journal={Entropy},
    volume={20},
    number={4},
    pages={271},
    year={2018},
    publisher={Multidisciplinary Digital Publishing Institute}
}

@ARTICLE{tax2017,
	title={The partial information decomposition of generative neural network models},
	author={Tax, Tycho and Mediano, Pedro AM and Shanahan, Murray},
	journal={Entropy},
	volume={19},
	number={9},
	pages={474},
	year={2017},
	publisher={Multidisciplinary Digital Publishing Institute}
}

@ARTICLE{barnett2013,
	title={Information flow in a kinetic Ising model peaks in the disordered phase},
	author={Barnett, Lionel and Lizier, Joseph T and Harr{\'e}, Michael and Seth, Anil K and Bossomaier, Terry},
	journal={Physical review letters},
	volume={111},
	number={17},
	pages={177203},
	year={2013},
	publisher={APS}
}

@ARTICLE{tkavcik2015,
	title={Thermodynamics and signatures of criticality in a network of neurons},
	author={Tka{\v{c}}ik, Ga{\v{s}}per and Mora, Thierry and Marre, Olivier and Amodei, Dario and Palmer, Stephanie E and Berry, Michael J and Bialek, William},
	journal={Proceedings of the National Academy of Sciences},
	volume={112},
	number={37},
	pages={11508--11513},
	year={2015},
	publisher={National Acad Sciences}
}

@ARTICLE{wei1990,
	title={Estimation of the means in the branching process with immigration},
	author={Wei, CZ and Winnicki, J},
	journal={The Annals of Statistics},
	pages={1757--1773},
	year={1990},
	publisher={JSTOR}
}

@ARTICLE{boedecker2012,
	title={Information processing in echo state networks at the edge of chaos},
	author={Boedecker, Joschka and Obst, Oliver and Lizier, Joseph T and Mayer, N Michael and Asada, Minoru},
	journal={Theory in Biosciences},
	volume={131},
	number={3},
	pages={205--213},
	year={2012},
	publisher={Springer}
}

@ARTICLE{zapperi1995,
	title={Self-organized branching processes: mean-field theory for avalanches},
	author={Zapperi, Stefano and Lauritsen, Kent B{\ae}kgaard and Stanley, H Eugene},
	journal={Physical review letters},
	volume={75},
	number={22},
	pages={4071},
	year={1995},
	publisher={APS}
}

@ARTICLE{williams2010,
	title={Decomposing multivariate information},
	author={Williams, PL and Beer, RD},
	journal={arXiv preprint arXiv:1004.2515},
	year={2010}
}

@ARTICLE{bertschinger2004,
	title={Real-time computation at the edge of chaos in recurrent neural networks},
	author={Bertschinger, Nils and Natschl{\"a}ger, Thomas},
	journal={Neural computation},
	volume={16},
	number={7},
	pages={1413--1436},
	year={2004},
	publisher={MIT Press}
}

@INPROCEEDINGS{bertschinger2013,
	title={Shared information—New insights and problems in decomposing information in complex systems},
	author={Bertschinger, Nils and Rauh, Johannes and Olbrich, Eckehard and Jost, J{\"u}rgen},
	booktitle={Proceedings of the European conference on complex systems 2012},
	pages={251--269},
	year={2013},
	organization={Springer}
}

@ARTICLE{maass2002,
	title={Real-time computing without stable states: A new framework for neural computation based on perturbations},
	author={Maass, Wolfgang and Natschl{\"a}ger, Thomas and Markram, Henry},
	journal={Neural computation},
	volume={14},
	number={11},
	pages={2531--2560},
	year={2002},
	publisher={MIT Press}
}

@ARTICLE{yam2000,
	title={A weight initialization method for improving training speed in feedforward neural network},
	author={Yam, Jim YF and Chow, Tommy WS},
	journal={Neurocomputing},
	volume={30},
	number={1-4},
	pages={219--232},
	year={2000},
	publisher={Elsevier}
}

@INPROCEEDINGS{thimm1995,
	title={Neural network initialization},
	author={Thimm, Georg and Fiesler, Emile},
	booktitle={International Workshop on Artificial Neural Networks},
	pages={535--542},
	year={1995},
	organization={Springer}
}

@ARTICLE{shin2006,
	title={Self-organized criticality and scale-free properties in emergent functional neural networks},
	author={Shin, Chang-Woo and Kim, Seunghwan},
	journal={Physical Review E},
	volume={74},
	number={4},
	pages={045101},
	year={2006},
	publisher={APS}
}

@ARTICLE{basheer2000,
	title={Artificial neural networks: fundamentals, computing, design, and application},
	author={Basheer, Imad A and Hajmeer, M},
	journal={Journal of microbiological methods},
	volume={43},
	number={1},
	pages={3--31},
	year={2000},
	publisher={Elsevier}
}

@ARTICLE{langton1990,
	title={Computation at the edge of chaos: phase transitions and emergent computation},
	author={Langton, Chris G},
	journal={Physica D: Nonlinear Phenomena},
	volume={42},
	number={1-3},
	pages={12--37},
	year={1990},
	publisher={Elsevier}
}

@ARTICLE{munoz2017,
    title={Colloquium: Criticality and dynamical scaling in living systems},
    author={Munoz, Miguel A},
    journal={Reviews of Modern Physics},
    volume={90},
    number={3},
    pages={031001},
    year={2018},
    publisher={APS}
}

@ARTICLE{munoz2018,
    title={Colloquium: Criticality and dynamical scaling in living systems},
    author={Munoz, Miguel A},
    journal={Reviews of Modern Physics},
    volume={90},
    number={3},
    pages={031001},
    year={2018},
    publisher={APS}
}

@ARTICLE{markram1997,
	title={Regulation of synaptic efficacy by coincidence of postsynaptic {AP}s and {EPSP}s},
	author={Markram, Henry and L{\"u}bke, Joachim and Frotscher, Michael and Sakmann, Bert},
	journal={Science},
	volume={275},
	number={5297},
	pages={213--215},
	year={1997},
	month={Janurary},
	publisher={American Association for the Advancement of Science}
}

@ARTICLE{bi1998,
	title={Synaptic modifications in cultured hippocampal neurons: dependence on spike timing, synaptic strength, and postsynaptic cell type},
	author={Bi, {Guo-qiang} and Poo, {Mu-ming}},
	journal={Journal of neuroscience},
	volume={18},
	number={24},
	pages={10464--10472},
	year={1998},
	month={October},
	publisher={Soc Neuroscience}
}

@ARTICLE{aamir2018,
    title={An accelerated LIF neuronal network array for a large-scale mixed-signal neuromorphic architecture},
    author={Aamir, Syed Ahmed and Stradmann, Yannik and M{\"u}ller, Paul and Pehle, Christian and Hartel, Andreas and Gr{\"u}bl, Andreas and Schemmel, Johannes and Meier, Karlheinz},
    journal={IEEE Transactions on Circuits and Systems I: Regular Papers},
    volume={65},
    number={12},
    pages={4299--4312},
    year={2018},
    publisher={IEEE}
}

@ARTICLE{zierenberg2018,
    title = {Homeostatic Plasticity and External Input Shape Neural Network Dynamics},
    author = {Zierenberg, Johannes and Wilting, Jens and Priesemann, Viola},
    journal = {Phys. Rev. X},
    volume = {8},
    issue = {3},
    pages = {031018},
    numpages = {15},
    year = {2018},
    month = {Jul},
    publisher = {American Physical Society},
    doi = {10.1103/PhysRevX.8.031018},
}

@ARTICLE{hesse2014,
    title={Self-organized criticality as a fundamental property of neural systems},
    author={Hesse, Janina and Gross, Thilo},
    journal={Frontiers in systems neuroscience},
    volume={8},
    pages={166},
    year={2014},
    publisher={Frontiers}
}

@ARTICLE{watson1875,
    title={On the probability of the extinction of families},
    author={Watson, Henry William and Galton, Francis},
    journal={The Journal of the Anthropological Institute of Great Britain and Ireland},
    volume={4},
    pages={138--144},
    year={1875},
    publisher={JSTOR}
}

@INPROCEEDINGS{jaeger2003,
    title={Adaptive nonlinear system identification with echo state networks},
    author={Jaeger, Herbert},
    booktitle={Advances in neural information processing systems},
    pages={609--616},
    year={2003}
}

@ARTICLE{keck2017,
    title={Integrating Hebbian and homeostatic plasticity: the current state of the field and future research directions},
    author={Keck, Tara and Toyoizumi, Taro and Chen, Lu and Doiron, Brent and Feldman, Daniel E and Fox, Kevin and Gerstner, Wulfram and Haydon, Philip G and H{\"u}bener, Mark and Lee, Hey-Kyoung and others},
    journal={Philosophical Transactions of the Royal Society B: Biological Sciences},
    volume={372},
    number={1715},
    pages={20160158},
    year={2017},
    publisher={The Royal Society}
}

@INPROCEEDINGS{schurmann2005,
    title={Edge of chaos computation in mixed-mode vlsi-a hard liquid},
    author={Sch{\"u}rmann, Felix and Meier, Karlheinz and Schemmel, Johannes},
    booktitle={Advances in neural information processing systems},
    pages={1201--1208},
    year={2005}
}

@ARTICLE{goodman2009,
    title={The brian simulator},
    author={Goodman, Dan FM and Brette, Romain},
    journal={Frontiers in neuroscience},
    volume={3},
    pages={26},
    year={2009},
    publisher={Frontiers}
}

@ARTICLE{neto2017,
    title={Inhibition as a determinant of activity and criticality in dynamical networks},
    author={Neto, Joao Pinheiro and de Aguiar, Marcus AM and Brum, Jos{\'e} A and Bornholdt, Stefan},
    journal={arXiv preprint arXiv:1712.08816},
    year={2017}
}

@INPROCEEDINGS{lizier2008,
    title={The Information Dynamics of Phase Transitions in Random Boolean Networks.},
    author={Lizier, Joseph T and Prokopenko, Mikhail and Zomaya, Albert Y},
    booktitle={ALIFE},
    pages={374--381},
    year={2008}
}

@article{wibral2014,
    title={Local active information storage as a tool to understand distributed neural information processing},
    author={Wibral, Michael and Lizier, Joseph and V{\"o}gler, Sebastian and Priesemann, Viola and Galuske, Ralf},
    journal={Frontiers in neuroinformatics},
    volume={8},
    pages={1},
    year={2014},
    publisher={Frontiers}
}

@BOOK{hebb1949,
    title={The organization of behavior: A neuropsychological theory},
    author={Hebb, Donald Olding},
    year={1949},
    publisher={John Wiley \& Sons}
}

@ARTICLE{hopfield1982,
    title={Neural networks and physical systems with emergent collective computational abilities},
    author={Hopfield, John J},
    journal={Proceedings of the national academy of sciences},
    volume={79},
    number={8},
    pages={2554--2558},
    year={1982},
    publisher={National Acad Sciences}
}

@ARTICLE{schreiber2000,
    title={Measuring information transfer},
    author={Schreiber, Thomas},
    journal={Physical review letters},
    volume={85},
    number={2},
    pages={461},
    year={2000},
    publisher={APS}
}

@MISC{supplement,
    title={See Supplemental Material for controlling the input strength by variation of the input frequency.}
}

@ARTICLE{whittington2000,
    title={Inhibition-based rhythms: experimental and mathematical observations on network dynamics},
    author={Whittington, Miles A and Traub, RD and Kopell, N and Ermentrout, B and Buhl, EH},
    journal={International journal of psychophysiology},
    volume={38},
    number={3},
    pages={315--336},
    year={2000},
    publisher={Elsevier}
}

@ARTICLE{buzsaki2012,
    title={Mechanisms of gamma oscillations},
    author={Buzs{\'a}ki, Gy{\"o}rgy and Wang, Xiao-Jing},
    journal={Annual review of neuroscience},
    volume={35},
    pages={203--225},
    year={2012},
    publisher={Annual Reviews}
}

@ARTICLE{wilting2019,
    title={25 years of criticality in neuroscience--established results, open controversies, novel concepts},
    author={Wilting, J and Priesemann, V},
    journal={arXiv preprint arXiv:1903.05129},
    year={2019}
}

@article{wilting2018c,
    title={Operating in a reverberating regime enables rapid tuning of network states to task requirements},
    author={Wilting, Jens and Dehning, Jonas and Neto, Joao Pinheiro and Rudelt, Lucas and Wibral, Michael and Zierenberg, Johannes and Priesemann, Viola},
    journal={Frontiers in systems neuroscience},
    volume={12},
    year={2018},
    publisher={Frontiers Media SA}
}

@BOOK{russell2016,
    title={Artificial intelligence: a modern approach},
    author={Russell, Stuart J and Norvig, Peter},
    year={2016},
    publisher={Malaysia; Pearson Education Limited,}
}

@article{jaeger2001,
    title={The “echo state” approach to analysing and training recurrent neural networks-with an erratum note},
    author={Jaeger, Herbert},
    journal={Bonn, Germany: German National Research Center for Information Technology GMD Technical Report},
    volume={148},
    number={34},
    pages={13},
    year={2001}
}

@article{cramer2020control,
  title={Control of criticality and computation in spiking neuromorphic networks with plasticity},
  author={Cramer, Benjamin and St{\"o}ckel, David and Kreft, Markus and Wibral, Michael and Schemmel, Johannes and Meier, Karlheinz and Priesemann, Viola},
  journal={Nature communications},
  volume={11},
  number={1},
  pages={1--11},
  year={2020},
  publisher={Nature Publishing Group}
}

@article{brunel2000dynamics,
  title={Dynamics of sparsely connected networks of excitatory and inhibitory spiking neurons},
  author={Brunel, Nicolas},
  journal={Journal of computational neuroscience},
  volume={8},
  number={3},
  pages={183--208},
  year={2000},
  publisher={Springer}
}
